@article{cs230:2020,
  title={Football Match Prediction using Deep Learning (Recurrent Neural Network)},
  author={Ahmed Amr Awadallah, Raghav Khandelwal},
  journal={cs230 stanford},
  year={2020},
  publisher={Stanford University}
}